%%%%%%%%%%%%%%%%%%%%%%%%%%%%%%%%%%%%%%%%%%%%
% ARTICLE 
%%%%%%%%%%%%%%%%%%%%%%%%%%%%%%%%%%%%%%%%%%%%



%%%%%%%%%%%%%%%%%%%%%%%%%%%%%%%%%%%%%%%%%%%%
% ONLINE
%%%%%%%%%%%%%%%%%%%%%%%%%%%%%%%%%%%%%%%%%%%%

@online{wwwrest,
	author= {David Booth, Hugo Haas, Francis McCabe},
	title= {\textbf{Web Services Architecture}},
	year = {2004},
	url = {https://www.w3.org/TR/2004/NOTE-ws-arch-20040211/#relwwwrest},
	urldate = {2004-02-11},
	note = {Acesso em: 25 set. 2019}
	}
	
@online{rcfHttp,
	author= {R. Fielding, J. Reschke},
	title= {\textbf{Hypertext Transfer Protocol HTTP 1.1 Semantics and Content}},
	year = {2014},
	url = {https://tools.ietf.org/html/rfc7231#section-4},
	note = {Acesso em: 25 set. 2019}
	}
	
@online{aspnetcore,
	author={Desconhecido},
	title= {\textbf{Introduction to ASP.NET Core}},
	year = {2019},
	urldate = {2014-07-04},
	url = {https://docs.microsoft.com/en-us/aspnet/core/?view=aspnetcore-3.0},
	note = {Acesso em: 25 set. 2019}
	}

@online{entityFramework,
	author={Desconhecido},
	title= {\textbf{Entity Framework Core}},
	year = {2016},
	urldate = {2016-10-27},
	url = {https://docs.microsoft.com/en-us/ef/core/},
	note = {Acesso em: 25 set. 2019}
	}

@online{rcfHAMAC,
	author= {H. Krawczyk, M. Bellare,  R. Canetti},
	title= {\textbf{HMAC Keyed-Hashing for Message Authentication}},
	year = {1997},
	url = {https://tools.ietf.org/html/rfc2104},
	note = {Acesso em: 25 set. 2019}
	} 
	
@online{react,
	author= {Facebook},
	title= {\textbf{React A JavaScript library for building user interfaces}},
	url = {https://reactjs.org/},
	note = {Acesso em: 25 set. 2019}
	} 

@online{scriptableobject,
	author= {Unity},
	title= {\textbf{ScriptableObject}},
	year= {2019},
	url= {https://docs.unity3d.com/Manual/class-ScriptableObject.html},
	note= {Acesso em: 24 set. 2019}
	}

@online{scriptableobjectarchitecture,
	author= {Ryan Hipple},
	title= {\textbf{3 cool ways to architect your game with Scriptable Objects}},
	year= {2018},
	url= {https://unity3d.com/how-to/architect-with-scriptable-objects},
	note= {Acesso em: 24 set. 2019}
	}

%%%%%%%%%%%%%%%%%%%%%%%%%%%%%%%%%%%%%%%%%%%%
% MISC
%%%%%%%%%%%%%%%%%%%%%%%%%%%%%%%%%%%%%%%%%%%%


%%%%%%%%%%%%%%%%%%%%%%%%%%%%%%%%%%%%%%%%%%%%
% PHDTHESIS
%%%%%%%%%%%%%%%%%%%%%%%%%%%%%%%%%%%%%%%%%%%%



%%%%%%%%%%%%%%%%%%%%%%%%%%%%%%%%%%%%%%%%%%%%
% BOOK
%%%%%%%%%%%%%%%%%%%%%%%%%%%%%%%%%%%%%%%%%%%%


